<record><leader>00000cas a2200000 a 4500</leader><controlfield tag="001">9741799</controlfield><controlfield tag="008">830726d18371838vtuwr ne      0   a0eng d</controlfield><datafield ind1=" " ind2=" " tag="010"><subfield code="a">sn 83025687 </subfield></datafield><datafield ind1=" " ind2=" " tag="040"><subfield code="a">NPV</subfield><subfield code="b">eng</subfield><subfield code="c">NPV</subfield><subfield code="d">DLC</subfield><subfield code="d">CNW</subfield><subfield code="d">NVN</subfield><subfield code="d">OCL</subfield><subfield code="d">NVN</subfield><subfield code="d">OCLCF</subfield><subfield code="d">OCLCO</subfield></datafield><datafield ind1="1" ind2=" " tag="029"><subfield code="a">AU@</subfield><subfield code="b">000025816681</subfield></datafield><datafield ind1=" " ind2=" " tag="042"><subfield code="a">msc</subfield></datafield><datafield ind1=" " ind2=" " tag="043"><subfield code="a">n-us-vt</subfield></datafield><datafield ind1=" " ind2=" " tag="045"><subfield code="a">w3w3</subfield></datafield><datafield ind1="0" ind2="0" tag="050"><subfield code="a">Newspaper 9978</subfield></datafield><datafield ind1=" " ind2=" " tag="052"><subfield code="a">3753</subfield><subfield code="b">A2</subfield></datafield><datafield ind1="0" ind2="4" tag="245"><subfield code="a">The Vermont Argus and free press.</subfield></datafield><datafield ind1="1" ind2="3" tag="246"><subfield code="a">Argus &amp; free press</subfield></datafield><datafield ind1="3" ind2=" " tag="246"><subfield code="a">Vermont argus &amp; free press</subfield></datafield><datafield ind1=" " ind2=" " tag="260"><subfield code="a">Middlebury, [Vt.] :</subfield><subfield code="b">H. Drury,</subfield></datafield><datafield ind1=" " ind2=" " tag="300"><subfield code="a">v. :</subfield><subfield code="b">ill (chiefly advertisements) ;</subfield><subfield code="c">51-58 cm.</subfield></datafield><datafield ind1=" " ind2=" " tag="310"><subfield code="a">Weekly</subfield></datafield><datafield ind1="0" ind2=" " tag="362"><subfield code="a">New ser., v. 1, no. 1 (Oct. 3, 1837).</subfield></datafield><datafield ind1="1" ind2=" " tag="362"><subfield code="a">Ceased in 1838.</subfield><subfield code="z">Cf. Gregory, W.  Amer. newspapers.</subfield></datafield><datafield ind1=" " ind2=" " tag="580"><subfield code="a">Formed by the union of: Vermont argus, and: Middlebury free press (Middlebury, Vt. : 1831).</subfield></datafield><datafield ind1=" " ind2="0" tag="651"><subfield code="a">Middlebury (Vt.)</subfield><subfield code="v">Newspapers.</subfield></datafield><datafield ind1=" " ind2="0" tag="651"><subfield code="a">Vermont</subfield><subfield code="v">Newspapers.</subfield></datafield><datafield ind1=" " ind2="7" tag="655"><subfield code="a">Newspapers.</subfield><subfield code="2">fast</subfield><subfield code="0">(OCoLC)fst01423814</subfield></datafield><datafield ind1=" " ind2="7" tag="651"><subfield code="a">Vermont.</subfield><subfield code="2">fast</subfield><subfield code="0">(OCoLC)fst01204305</subfield></datafield><datafield ind1=" " ind2="7" tag="651"><subfield code="a">Vermont</subfield><subfield code="z">Middlebury.</subfield><subfield code="2">fast</subfield><subfield code="0">(OCoLC)fst01202765</subfield></datafield><datafield ind1="1" ind2=" " tag="700"><subfield code="a">Drury, Hamilton.</subfield></datafield><datafield ind1=" " ind2=" " tag="752"><subfield code="a">United States</subfield><subfield code="b">Vermont</subfield><subfield code="c">Addison</subfield><subfield code="d">Middlebury.</subfield></datafield><datafield ind1="1" ind2="4" tag="780"><subfield code="t">Vermont argus</subfield><subfield code="w">(DLC)sn 83025688</subfield><subfield code="w">(OCoLC)9741850</subfield></datafield><datafield ind1="1" ind2="4" tag="780"><subfield code="t">Middlebury free press (Middlebury, Vt. : 1831)</subfield><subfield code="w">(DLC)sn 84023641</subfield><subfield code="w">(OCoLC)10910278</subfield></datafield><datafield ind1="0" ind2="0" tag="785"><subfield code="t">Green Mountain argus, and Middlebury free press</subfield><subfield code="w">(DLC)sn 86071674</subfield><subfield code="w">(OCoLC)13811053</subfield></datafield></record>